
@misc{1,
    title = {Exploring Object Detection Applications},
    howpublished = {\url{https://deeplobe.ai/exploring-object-detection-applications-and-benefits}},
    note = {Accessed: 2024-07-07}
}

@misc{2,
    title = {What is feature extraction?},
    howpublished = {\url{https://www.educative.io/answers/what-is-feature-extraction}},
    note = {Accessed: 2024-07-07}
}

@misc{3,
    author = {Andrea Capuano},
    title = {Extracting features from Convolutional neural networks for image retrieval},
    year = {2018},
    howpublished = {\url{https://medium.com/arocketman/extracting-features-from-convolutional-neural-networks-for-image-retrieval-87b5127f8a92}},
    note = {Accessed: 2024-07-07}
}

@misc{4,
    author = {Shilpa Ananth},
    title = {R-CNN for object detection},
    year = {2019},
    howpublished = {\url{https://towardsdatascience.com/r-cnn-for-object-detection-a-technical-summary-9e7bfa8a557c}},
    note = {Accessed: 2024-07-07}
}

@misc{5,
    author = {Tuning AI},
    title = {Introduction to YOLO: Revolutionizing Real-time Object Detection},
    year = {2023},
    howpublished = {\url{https://www.linkedin.com/pulse/introduction-yolo-revolutionizing-real-time-object-detection}},
    note = {Accessed: 2024-07-07}
}

@article{6,
    author = "Ross Girshick, Jeff Donahue, Trevor Darrell, Jitendra Malik",
    title = "Rich feature hierarchies for accurate object detection and semantic segmentation",
    year = "2014"
}

@misc{7,
    author = {shafu.eth},
    title = {R-CNN (Object Detection)},
    year = {2019},
    howpublished = {\url{https://medium.com/@selfouly/r-cnn-3a9beddfd55a}},
    note = {Accessed: 2024-07-07}
}

@article{8,
    author = "Ross Girshick",
    title = "Fast R-CNN",
    year = "2015"
}

@misc{9,
    author = {Rohit Gandhi},
    title = {R-CNN, Fast R-CNN, Faster R-CNN, YOLO â€” Algoritmi di rilevamento oggetti},
    howpublished = {\url{https://deeplearningitalia.com/r-cnn-fast-r-cnn-faster-r-cnn-yolo-algoritmi-di-rilevamento-oggetti}},
    note = {Accessed: 2024-07-07}
}


@article{10,
    author = "Shaoqing Ren, Kaiming He, Ross Girshick, Jian Sun",
    title = "Faster R-CNN: Towards Real-Time Object Detection with Region Proposal Networks",
    year = "2016"
}

@article{11,
    author = "Wei Liu, Dragomir Anguelov, Dumitru Erhan, Christian Szegedy, Scott Reed, Cheng-Yang Fu, Alexander C. Berg",
    title = "SSD: Single Shot MultiBox Detector",
    year = "2016"
}

@misc{12,
    title = {How single-shot detector (SSD) works?},
    howpublished = {\url{https://developers.arcgis.com/python/guide/how-ssd-works}},
    note = {Accessed: 2024-07-07}
}

@misc{13,
    title = {Getting Started with SSD Multibox Detection},
    howpublished = {\url{https://it.mathworks.com/help/vision/ug/getting-started-with-ssd.html}},
    note = {Accessed: 2024-07-07}
}

@article{14,
    author = "Joseph Redmon, Santosh Divvala, Ross Girshick, Ali Farhadi",
    title = "You Only Look Once: Unified, Real-Time Object Detection",
    year = "2016"
}

@misc{15,
    author = {Sumit Singh},
    title = {Leveraging YOLO Object Detection for Accurate and Efficient Visual Recognition},
    year = {2023},
    howpublished = {\url{https://www.labellerr.com/blog/why-is-the-yolo-algorithm-important/}},
    note = {Accessed: 2024-07-07}
}

@misc{16,
    author = {Joseph Redmon},
    title = {How computers learn to recognize objects instantly},
    year = {2017},
    howpublished = {\url{https://www.ted.com/talks/joseph_redmon_how_computers_learn_to_recognize_objects_instantly}},
    note = {Accessed: 2024-07-07}
}

@misc{17,
    author = {Ankushsharma},
    title = {YOLO V1 Architecture},
    year = {2020},
    howpublished = {\url{https://medium.com/@ankushsharma2805/yolo-v1-v2-v3-architecture-1ccac0f6206e}},
    note = {Accessed: 2024-07-07}
}

@article{18,
    author = "Joseph Redmon, Ali Farhadi",
    title = "YOLO9000: Better, Faster, Stronger",
    year = "2016"
}

@misc{19,
    author = {Rohit Kundu},
    title = {YOLO: Algorithm for Object Detection Explained},
    year = {2023},
    howpublished = {\url{https://www.v7labs.com/blog/yolo-object-detection}},
    note = {Accessed: 2024-07-07}
}

@article{20,
    title = "YOLOv3: An Incremental Improvement",
    author = "Joseph Redmon, Ali Farhadi",
    year = "2018"
}

@article{21,
    author = "Alexey Bochkovskiy, Chien-Yao Wang, Hong-Yuan Mark Liao",
    title = "YOLOv4: Optimal Speed and Accuracy of Object Detection",
    year = "2020"
}

@misc{22,
    title = {Comprehensive Guide to Ultralytics YOLOv5},
    howpublished = {\url{https://docs.ultralytics.com/yolov5/}},
    note = {Accessed: 2024-07-07}
}

@misc{23,
    author = {Jacob Solawetz},
    title = {What is YOLOv5? A Guide for Beginners},
    year = {2020},
    howpublished = {\url{https://blog.roboflow.com/yolov5-improvements-and-evaluation/}},
    note = {Accessed: 2024-07-07}
}

@article{24,
    author = "Chuyi Li, Lulu Li, Hongliang Jiang, Kaiheng Weng",
    title = "YOLOv6: A Single-Stage Object Detection Framework for Industrial Applications",
    year = "2022"
}

@article{25,
    author = "Chien-Yao Wang, Alexey Bochkovskiy, Hong-Yuan Mark Liao",
    title = "YOLOv7: Trainable bag-of-freebies sets new state-of-the-art for real-time object detectors",
    year = "2022"
}

@article{26,
    author = "Dillon Reis, Jordan Kupec, Jacqueline Hong, Ahmad Daoudi",
    title = "Real-Time Flying Object Detection with YOLOv8",
    year = "2023"
}

@misc{27,
    title = {YOLOv8},
    howpublished = {\url{https://docs.ultralytics.com/models/yolov8/}},
    note = {Accessed: 2024-07-07}
}

@misc{28,
    author = {Jacob Solawetz},
    title = {What is YOLOv8? The Ultimate Guide},
    year = {2023},
    howpublished = {\url{https://blog.roboflow.com/whats-new-in-yolov8/#yolov8-architecture-a-deep-dive}},
    note = {Accessed: 2024-07-07}
}

@article{29,
    author = "Tianheng Cheng, Lin Song, Yixiao Ge, Wenyu Liu, Xinggang Wang, Ying Shan",
    title = "YOLO-World: Real-Time Open-Vocabulary Object Detection",
    year = "2024"
}

@misc{30,
    title = {YOLO-World Model},
    howpublished = {\url{https://docs.ultralytics.com/models/yolo-world/}},
    note = {Accessed: 2024-07-07}
}

@article{31,
    author = "Yian Zhao, Wenyu Lv, Shangliang Xu, Jinman Wei, Guanzhong Wang, Qingqing Dang, Yi Liu, Jie Chen",
    title = "DETRs Beat YOLOs on Real-time Object Detection",
    year = "2023"
}

@misc{32,
    title = {RT-DETR},
    howpublished = {\url{https://docs.ultralytics.com/models/rtdetr/}},
    note = {Accessed: 2024-07-07}
}

@misc{33,
    author = {Sumit Singh},
    title = {What is data augmentation},
    year = {2022},
    howpublished = {\url{https://www.labellerr.com/blog/what-is-data-augmentation-techniques-examples-benefits/}},
    note = {Accessed: 2024-07-07}
}

@article{34,
    author = "Mohamed Elgendi, Muhammad Umer Nasir, Qunfeng Tan",
    title = "The Effectiveness of Image Augmentation in Deep Learning Networks for Detecting COVID-19: A Geometric Transformation Perspective",
    year = "2021"
}

@misc{35,
    author = {Deval Shah},
    title = {The Essential Guide to Data Augmentation in Deep Learning},
    year = {2022},
    howpublished = {\url{https://www.v7labs.com/blog/data-augmentation-guide}},
    note = {Accessed: 2024-07-07}
}

@article{36,
    author = {Liang-Yao Wang, Sau-Gee Chen, Feng-Tsun Chien},
    title = {Robust deep convolutional neural network against image distortions},
    year = {2021}
}

@article{37,
    title = {Generative Adversarial Network with Spatial Attention for Face Attribute Editing},
    author = {Gang Zhang, Meina Kan, Shiguang Shan, Xilin Chen},
    year = {2018}
}

@article{38,
    title = {Individual Feral Cat Identification through Deep Learning},
    author = {Zihan Yang, Richard Sinnott, Qiuhong Ke, James Bailey},
    year = {2021}
}

@misc{39,
    title = {Dataset termico FLIR per l'addestramento di algoritmi},
    howpublished = {\url{https://www.flir.it/oem/adas/adas-dataset-form/}},
    note = {Accessed: 2024-07-07}
}

@misc{40,
    title = {Ultralytics},
    howpublished = {\url{https://www.ultralytics.com/it}},
    note = {Accessed: 2024-07-07}
}

@misc{41,
    title = {Model Validation with Ultralytics YOLO},
    howpublished = {\url{https://docs.ultralytics.com/modes/val/}},
    note = {Accessed: 2024-07-07}
}

@misc{42,
    author = {Adrian Rosebrock},
    title = {Intersection over Union (IoU) for object detection},
    year = {2016},
    howpublished = {\url{https://pyimagesearch.com/2016/11/07/intersection-over-union-iou-for-object-detection/}},
    note = {Accessed: 2024-07-07}
}

@misc{43,
    title = {Model Training with Ultralytics YOLO},
    howpublished = {\url{https://docs.ultralytics.com/modes/train/}},
    note = {Accessed: 2024-07-07}
}

@misc{44,
    title = {Albumentations},
    howpublished = {\url{https://albumentations.ai/}},
    note = {Accessed: 2024-07-07}
}

